<record><leader>00000cas a22000007a 4500</leader><controlfield tag="001">31785380</controlfield><controlfield tag="008">950109d19071918vauwr ne      0    0eng d</controlfield><datafield ind1=" " ind2=" " tag="010"><subfield code="a">sn 94060199 </subfield></datafield><datafield ind1=" " ind2=" " tag="040"><subfield code="a">NVK</subfield><subfield code="b">eng</subfield><subfield code="c">NVK</subfield><subfield code="d">OCLCQ</subfield><subfield code="d">OCLCF</subfield><subfield code="d">OCLCO</subfield></datafield><datafield ind1="1" ind2=" " tag="029"><subfield code="a">AU@</subfield><subfield code="b">000011501263</subfield></datafield><datafield ind1=" " ind2=" " tag="042"><subfield code="a">msc</subfield></datafield><datafield ind1=" " ind2=" " tag="043"><subfield code="a">n-us-va</subfield></datafield><datafield ind1="0" ind2="4" tag="245"><subfield code="a">The James River clarion.</subfield></datafield><datafield ind1=" " ind2=" " tag="260"><subfield code="a">Arvonia, Va. :</subfield><subfield code="b">D.W. Pierce</subfield></datafield><datafield ind1=" " ind2=" " tag="300"><subfield code="a">v.</subfield></datafield><datafield ind1=" " ind2=" " tag="310"><subfield code="a">Weekly</subfield></datafield><datafield ind1="1" ind2=" " tag="362"><subfield code="a">Began in 1907.</subfield><subfield code="z">Cf. Cappon, L.J. Va. Newspapers.</subfield></datafield><datafield ind1="1" ind2=" " tag="362"><subfield code="a">Ceased in 1918.</subfield></datafield><datafield ind1=" " ind2=" " tag="500"><subfield code="a">"The Official organ for the Virginia Division of the Farmers Educational and Co-operative Union of America."</subfield></datafield><datafield ind1=" " ind2=" " tag="500"><subfield code="a">Moved to Dillwyn in 1912. Cf. Cappon.</subfield></datafield><datafield ind1=" " ind2=" " tag="588"><subfield code="a">Description based on: Vol. 1, no. 47 (July 3, 1909).</subfield></datafield><datafield ind1=" " ind2="0" tag="651"><subfield code="a">Dillwyn (Va.)</subfield><subfield code="v">Newspapers.</subfield></datafield><datafield ind1=" " ind2="0" tag="651"><subfield code="a">Arvonia (Va.)</subfield><subfield code="v">Newspapers.</subfield></datafield><datafield ind1=" " ind2="7" tag="655"><subfield code="a">Newspapers.</subfield><subfield code="2">fast</subfield><subfield code="0">(OCoLC)fst01423814</subfield></datafield><datafield ind1=" " ind2="7" tag="651"><subfield code="a">Virginia</subfield><subfield code="z">Arvonia.</subfield><subfield code="2">fast</subfield><subfield code="0">(OCoLC)fst01304147</subfield></datafield><datafield ind1=" " ind2="7" tag="651"><subfield code="a">Virginia</subfield><subfield code="z">Dillwyn.</subfield><subfield code="2">fast</subfield><subfield code="0">(OCoLC)fst01306151</subfield></datafield><datafield ind1=" " ind2=" " tag="752"><subfield code="a">United States</subfield><subfield code="b">Virginia</subfield><subfield code="c">Buckingham</subfield><subfield code="d">Dillwyn.</subfield></datafield><datafield ind1=" " ind2=" " tag="752"><subfield code="a">United States</subfield><subfield code="b">Virginia</subfield><subfield code="c">Buckingham</subfield><subfield code="d">Arvonia.</subfield></datafield><datafield ind1="0" ind2="0" tag="785"><subfield code="t">Virginia union farmer</subfield><subfield code="w">(DLC)sn 94057526</subfield></datafield></record>